@misc{bwt_intro,
  author        = {Manzini, Giovanni},
  title         = {The Burrows-Wheeler Transform:
Theory and Practice},
  year          = {1999},
  url           = {https://people.unipmn.it/manzini/papers/mfcs99x.pdf}
}

@misc{bwt_reconstruction,
  author        = {Danny Sleator},
  title         = {Lecture notes in Design & Analysis of Algorithms},
  month         = {November},
  year          = {2018},
  publisher     = {Carnegie Mellon Univerisity School of Computer Science}
  url           = {https://www.cs.cmu.edu/~15451-f18/lectures/lec25-bwt.pdf}
}