@misc{bwt_intro,
  author        = {Manzini, Giovanni},
  title         = {The Burrows-Wheeler Transform: Theory and Practice},
  year          = {1999},
  url           = {https://people.unipmn.it/manzini/papers/mfcs99x.pdf}
}